<?xml version="1.0" encoding="UTF-8"?><collection xmlns="http://www.loc.gov/MARC21/slim"><record><leader>00514nam--2200181-i-4500</leader><controlfield tag="001">000011578</controlfield><controlfield tag="002">20161230</controlfield><controlfield tag="005">20161230201029</controlfield><controlfield tag="008">060222s1000------------r-----000-0-eng-d</controlfield><datafield ind1=" " ind2=" " tag="040"><subfield code="a">IFIN-HH</subfield></datafield><datafield ind1=" " ind2=" " tag="080"><subfield code="a">806.0:800.83</subfield></datafield><datafield ind1="1" ind2=" " tag="100"><subfield code="a">Duhaneanu, Constantin</subfield></datafield><datafield ind1="1" ind2="0" tag="245"><subfield code="a">Limba spaniola. curs practic</subfield><subfield code="c">Constantin duhaneanu, elena balan-osiac</subfield></datafield><datafield ind1=" " ind2=" " tag="260"><subfield code="a">Bucuresti</subfield><subfield code="b">Editura Stiintifica Si Encicopedica</subfield><subfield code="c">1975</subfield></datafield><datafield ind1=" " ind2=" " tag="300"><subfield code="a">533P</subfield></datafield><datafield ind1="1" ind2=" " tag="700"><subfield code="a">Balan-osiac, Elena</subfield></datafield><datafield ind1=" " ind2=" " tag="852"><subfield code="a">42798</subfield><subfield code="c">4</subfield></datafield><datafield ind1=" " ind2=" " tag="CAT"><subfield code="a">Sys</subfield><subfield code="c">20130206</subfield><subfield code="h">152543</subfield></datafield></record></collection>